 @book{TwitterDataAnalytics2013,
    author = {Kumar, Shamanth and Morstatter, Fred and Liu, Huan},
    title = {Twitter Data Analytics},
    publisher = {Springer},
    address = {New York, NY, USA},
    year = {2013}
  }

@book{manning2008introduction,
  address = {Cambridge, UK},
  author = {Manning, Christopher D. and Raghavan, Prabhakar and Schütze, Hinrich},
  publisher = {Cambridge University Press},
  title = {Introduction to Information Retrieval},
  year = 2008
}


@article{Google09detection,
title = {Detecting influenza epidemics using search engine query data},
author  = {Jeremy Ginsberg and Matthew Mohebbi and Rajan Patel and Lynnette Brammer and Mark Smolinski and Larry Brilliant},
year  = 2009,
note  = {doi:10.1038/nature07634},
journal = {Nature},
pages = {1012-1014},
volume  = {457}
}

@inproceedings{ramage2010lda,
  author = {Ramage, Daniel and Dumais, Susan T. and Liebling, Daniel J.},
  booktitle = {ICWSM},
  crossref = {conf/icwsm/2010},
  editor = {Cohen, William W. and Gosling, Samuel},
  publisher = {The AAAI Press},
  timestamp = {2010-09-01T00:00:00.000+0200},
  title = {Characterizing Microblogs with Topic Models.},
  year = 2010
}

@inproceedings{zubiaga2011classifications,
 author = {Zubiaga, Arkaitz and Spina, Damiano and Fresno, V\'{\i}ctor and Mart\'{\i}nez, Raquel},
 title = {Classifying Trending Topics: A Typology of Conversation Triggers on Twitter},
 booktitle = {Proceedings of the 20th ACM International Conference on Information and Knowledge Management},
 series = {CIKM '11},
 year = {2011},
 isbn = {978-1-4503-0717-8},
 location = {Glasgow, Scotland, UK},
 pages = {2461--2464},
 numpages = {4},
 url = {http://doi.acm.org/10.1145/2063576.2063992},
 doi = {10.1145/2063576.2063992},
 acmid = {2063992},
 publisher = {ACM},
 address = {New York, NY, USA},
 keywords = {classification, real-time, social media, trending topics, twitter},
} 


@article{naaman2011characterizing,
 author = {Naaman, Mor and Becker, Hila and Gravano, Luis},
 title = {Hip and Trendy: Characterizing Emerging Trends on Twitter},
 journal = {J. Am. Soc. Inf. Sci. Technol.},
 issue_date = {May 2011},
 volume = {62},
 number = {5},
 month = may,
 year = {2011},
 issn = {1532-2882},
 pages = {902--918},
 numpages = {17},
 url = {http://dx.doi.org/10.1002/asi.21489},
 doi = {10.1002/asi.21489},
 acmid = {1967368},
 publisher = {John Wiley \& Sons, Inc.},
 address = {New York, NY, USA},
 keywords = {Twitter, classification, knowledge discovery, regional aspects, trends},
} 

@article{bermingham2011using,
  title={On using Twitter to monitor political sentiment and predict election results},
  author={Bermingham, Adam and Smeaton, Alan F},
  year={2011}
}

 @article{bollen2011twitter,
  added-at = {2011-09-22T15:49:20.000+0200},
  author = {Bollen, J. and Mao, H. and Zeng, X.},
  biburl = {http://www.bibsonomy.org/bibtex/218b13a9113d0a1f99ac7ce43f0d3a303/becker},
  interhash = {93a641671c8f2a8c69647c0e333c9798},
  intrahash = {18b13a9113d0a1f99ac7ce43f0d3a303},
  journal = {Journal of Computational Science},
  keywords = {},
  publisher = {Elsevier},
  title = {Twitter mood predicts the stock market},
  year = 2011
}

@article{cambria2013big,
  title={Big social data analysis},
  author={Cambria, Erik and Rajagopal, Dheeraj and Olsher, Daniel and Das, Dipankar},
  journal={Big Data Computing},
  pages={401--414},
  year={2013},
  publisher={Chapman and Hall/CRC}
}

@article{security13sandy,
title = {Lessons Learned: Social Media and Hurricane Sandy},
author  = {Homeland Security},
year  = 2013,
}

@article{journals/expert/CambriaSXH13,
  added-at = {2013-07-02T00:00:00.000+0200},
  author = {Cambria, Erik and Schuller, Björn and Xia, Yunqing and Havasi, Catherine},
  biburl = {http://www.bibsonomy.org/bibtex/2c7ef99c59a4ed7b6799c4d65d5c7a02a/dblp},
  ee = {http://doi.ieeecomputersociety.org/10.1109/MIS.2013.30},
  interhash = {17a70073e028d0e4ebc887dbc6cbf579},
  intrahash = {c7ef99c59a4ed7b6799c4d65d5c7a02a},
  journal = {IEEE Intelligent Systems},
  keywords = {dblp},
  number = 2,
  pages = {15-21},
  timestamp = {2013-07-02T00:00:00.000+0200},
  title = {New Avenues in Opinion Mining and Sentiment Analysis.},
  volume = 28,
  year = 2013
}

@inproceedings{morstatter2013understanding,
  title={Understanding twitter data with tweetxplorer},
  author={Morstatter, Fred and Kumar, Shamanth and Liu, Huan and Maciejewski, Ross},
  booktitle={Proceedings of the 19th ACM SIGKDD international conference on Knowledge discovery and data mining},
  pages={1482--1485},
  year={2013},
  organization={ACM}
}


@article{carageamapping2014sandy,
  title={Mapping Moods: Geo-Mapped Sentiment Analysis During Hurricane Sandy},
  year = "2014",
  author={Caragea, Cornelia and Squicciarini, Anna and Stehle, Sam and Neppalli, Kishore and Tapia, Andrea},
  journal={Proceedings of the 11th International Conference on Information Systems for Crisis Response and Managements}
}

@incollection{wang2012automatic,
  title={Automatic crime prediction using events extracted from twitter posts},
  author={Wang, Xiaofeng and Gerber, Matthew S and Brown, Donald E},
  booktitle={Social Computing, Behavioral-Cultural Modeling and Prediction},
  pages={231--238},
  year={2012},
  publisher={Springer}
}

@inproceedings{kumar2011tweettracker,
  title={TweetTracker: An Analysis Tool for Humanitarian and Disaster Relief.},
  author={Kumar, Shamanth and Barbier, Geoffrey and Abbasi, Mohammad Ali and Liu, Huan},
  booktitle={ICWSM},
  year={2011}
}

@misc{griffin2014unreleased,
author = "Griffin, Andrew",
title = "Unreleased Xbox games could be leaked after hack",
url = "http://www.independent.co.uk/life-style/gadgets-and-tech/gaming/unreleased-xbox-games-could-be-leaked-after-hack-9951880.html",
note = "[Online; accessed 07-January-2015]",
howpublished  = "Independent, 31 December 2014"
}

@misc{wool2014sony,
author = "Woolaston, Victoria and Robinson, Julian and Boyle, Darren and Burnett, Rachel",
title = "Sony extends the PlayStation Plus memberships of gamers affected by the Lizard Squad hack",
url = "http://www.dailymail.co.uk/sciencetech/article-2894191/Sony-extends-PlayStation-Plus-memberships-gamers-affected-Lizard-Squad-hack.html",
note = "[Online; accessed 07-January-2015]",
howpublished  = "Dailymail, 2 January 2015"
}

@misc{bbc2014the,
title = "The Interview: A guide to the cyber attack on Hollywood",
url = "http://www.bbc.com/news/entertainment-arts-30512032",
note = "[Online; accessed 07-January-2015]",
howpublished  = "BBC, 29 December 2014. [Last updated at 07 January 2015]"
}

@misc{bbc2014air,
title = "AirAsia QZ8501: Tail of crashed plane found",
url = "http://www.bbc.com/news/world-asia-30706298",
note = "[Online; accessed 07-January-2015]",
howpublished  = "BBC, 7 January 2015."
}

@misc{bbc2014flight,
title = "Flight QZ8501: What we know about the AirAsia plane crash",
url = "http://www.bbc.com/news/world-asia-30632735",
note = "[Online; accessed 07-January-2015]",
howpublished  = "BBC, 7 January 2015."
}

@misc{nbc2014by,
title = "By the Numbers: Malaysia Airlines Flight 370",
url = "http://www.nbcnews.com/storyline/missing-jet/numbers-malaysia-airlines-flight-370-n275136",
note = "[Online; accessed 07-January-2015]",
howpublished  = "BBC, 27 December 2014."
}

@online{ibm2012bigdata,
   author = "IBM",
   title = "IBM What is big data? - Bringing big data to the enterprise",
   year = "2012",
   url = "http://www-01.ibm.com/software/data/bigdata",
   note = "[Online; accessed 08-January-2015]"
 }

 @online{alcorn2013stockmarket,
   author = "Stan Alcorn",
   title = "Twitter Can Predict The Stock Market, If You're Reading The Right Tweets",
  year = "2013",
   url = "http://www.fastcoexist.com/1681873/twitter-can-predict-the-stock-market-if-youre-reading-the-right-tweets",
   note = "[Online; accessed 08-January-2015]"
 }

 @online{emergencymgmt2013sandy,
   author = "Sara Estes Cohen",
   title = "Sandy Marked a Shift for Social Media Use in Disasters",
  year = "2013",
   url = "http://www.emergencymgmt.com/disaster/Sandy-Social-Media-Use-in-Disasters.html",
   note = "[Online; accessed 08-January-2015]",
  organization= "Emergency Management"
 }

@online{gft2014,
   author = "Google",
   title = "Explore flu trends - United States",
  year = "2014",
   url = "http://www.google.org/flutrends/intl/en_us/us/#US",
   note = "[Online; accessed 08-January-2015]"
 }

 @online{Dotcom2014,
 author = "Kim Dotcom",
 title = "A Christmas Miracle",
 year = "2014",
 url = "https://twitter.com/kimdotcom/status/548305704776241152",
 note = "[Online; accessed 08-January-2015]",
 organization = "Twitter"
 }

 @online{Tech22014,
author = {Tech2},
title = {Big data collection from Google, Facebook and others can be misleading, says study},
month = mar,
year = {2014},
url = {http://tech.firstpost.com/news-analysis/big-data-collection-google-facebook-others-can-misleading-says-study-219931.html},
note = "[Online; accessed 08-January-2015]"
}

@online{Weber2014,
author = {Christian Weber},
title = {Google versagt bei Grippe-Vorhersagen},
month = mar,
year = {2014},
url = {http://www.sueddeutsche.de/wissen/big-data-google-versagt-bei-grippe-vorhersagen-1.1912226},
note = "[Online; accessed 08-January-2015]"
}

 @online{wsvnnorovirus2013,
   author = "WSVN-TV",
   title = "Royal Caribbean's Vision of the Seas cruise ship has pulled into Port Everglades after an outbreak of norovirus on board.",
  year = "2013",
   url = "https://twitter.com/wsvn/status/310087727792140288",
   note = "[Online; accessed 08-January-2015]",
  organization= "Twitter"
 }

 @online{healy2014twittersentiment,
   author = "Healy and Ramaswarmy",
   title = "Visualizing Twitter Sentiment",
  year = "2013",
   url = "http://www.csc.ncsu.edu/faculty/healey/tweet_viz/",
   note = "[Online; accessed 08-January-2015]",
   organization={NC State University}
 }